[gd_scene load_steps=8 format=2]

[ext_resource path="res://assets/dialogboxes/Textbox.gd" type="Script" id=1]
[ext_resource path="res://assets/dialogboxes/box.png" type="Texture" id=2]
[ext_resource path="res://assets/dialogboxes/Hardpixel.OTF" type="DynamicFontData" id=3]
[ext_resource path="res://assets/sprites/connor_01.png" type="Texture" id=4]
[ext_resource path="res://assets/music/Bubbles and Submarines - Chiptune_8-bit - Royalty Free Music [Wgltqnth4XQ].ogg" type="AudioStream" id=5]
[ext_resource path="res://assets/sprites/ember_01.png" type="Texture" id=6]

[sub_resource type="DynamicFont" id=1]
size = 50
outline_size = 1
outline_color = Color( 0, 0, 0, 1 )
font_data = ExtResource( 3 )

[node name="Textbox" type="CanvasLayer"]
script = ExtResource( 1 )

[node name="ember" type="Sprite" parent="."]
position = Vector2( 812.379, 232.728 )
texture = ExtResource( 6 )

[node name="connor" type="Sprite" parent="."]
position = Vector2( 209.032, 262.095 )
texture = ExtResource( 4 )

[node name="Tween" type="Tween" parent="."]

[node name="Dialog" type="Node2D" parent="."]
position = Vector2( 108.122, 29.3665 )

[node name="TextboxContainer" type="MarginContainer" parent="Dialog"]
anchor_top = 1.0
anchor_right = 1.0
anchor_bottom = 1.0
margin_top = 336.0
margin_right = 807.0
margin_bottom = 527.0
__meta__ = {
"_edit_use_anchors_": false
}

[node name="NinePatchRect" type="NinePatchRect" parent="Dialog/TextboxContainer"]
margin_right = 807.0
margin_bottom = 191.0
texture = ExtResource( 2 )
patch_margin_left = 5
patch_margin_top = 5
patch_margin_right = 5
patch_margin_bottom = 5
__meta__ = {
"_edit_use_anchors_": false
}

[node name="MarginContainer" type="MarginContainer" parent="Dialog/TextboxContainer"]
margin_right = 807.0
margin_bottom = 191.0
custom_constants/margin_right = 8
custom_constants/margin_top = 8
custom_constants/margin_left = 8
custom_constants/margin_bottom = 8

[node name="Panel" type="Panel" parent="Dialog/TextboxContainer/MarginContainer"]
visible = false
margin_left = 8.0
margin_top = 8.0
margin_right = 799.0
margin_bottom = 183.0

[node name="HBoxContainer" type="HBoxContainer" parent="Dialog/TextboxContainer/MarginContainer"]
margin_left = 8.0
margin_top = 8.0
margin_right = 799.0
margin_bottom = 183.0

[node name="Start" type="Label" parent="Dialog/TextboxContainer/MarginContainer/HBoxContainer"]
margin_right = 25.0
margin_bottom = 60.0
rect_min_size = Vector2( 7, 0 )
size_flags_vertical = 0
custom_fonts/font = SubResource( 1 )
text = "*"

[node name="Label" type="Label" parent="Dialog/TextboxContainer/MarginContainer/HBoxContainer"]
margin_left = 29.0
margin_right = 757.0
margin_bottom = 175.0
size_flags_horizontal = 3
size_flags_vertical = 3
custom_fonts/font = SubResource( 1 )
custom_colors/font_color = Color( 1, 1, 1, 1 )
text = "Placeholder"
autowrap = true
clip_text = true

[node name="End" type="Label" parent="Dialog/TextboxContainer/MarginContainer/HBoxContainer"]
margin_left = 761.0
margin_top = 115.0
margin_right = 791.0
margin_bottom = 175.0
rect_min_size = Vector2( 7, 0 )
size_flags_vertical = 8
custom_fonts/font = SubResource( 1 )
text = "v"

[node name="music" type="AudioStreamPlayer" parent="."]
stream = ExtResource( 5 )
volume_db = -20.194
autoplay = true
[connection signal="tween_completed" from="Tween" to="." method="_on_Tween_tween_completed"]
